<?xml version="1.0" encoding="UTF-8"?><record xmlns="http://www.loc.gov/MARC21/slim" xmlns:cinclude="http://apache.org/cocoon/include/1.0" xmlns:zs="http://www.loc.gov/zing/srw/">
  <leader>00469cz  a2200145n  4500</leader>
  <controlfield tag="001">n 2009037126</controlfield>
  <controlfield tag="003">DLC</controlfield>
  <controlfield tag="005">20090620075104.0</controlfield>
  <controlfield tag="008">090615n| acannaabn          |a aaa      </controlfield>
  <datafield tag="010" ind1=" " ind2=" ">
    <subfield code="a">n 2009037126</subfield>
  </datafield>
  <datafield tag="040" ind1=" " ind2=" ">
    <subfield code="a">DLC</subfield>
    <subfield code="b">eng</subfield>
    <subfield code="c">DLC</subfield>
    <subfield code="d">DLC</subfield>
  </datafield>
  <datafield tag="100" ind1="1" ind2=" ">
    <subfield code="a">Coy, Barbara,</subfield>
    <subfield code="d">1941-</subfield>
  </datafield>
  <datafield tag="500" ind1="1" ind2=" ">
    <subfield code="a">Bartholomew, Barbara,</subfield>
    <subfield code="d">1941-</subfield>
  </datafield>
  <datafield tag="670" ind1=" " ind2=" ">
    <subfield code="a">Prairie girl, c1983:</subfield>
    <subfield code="b">t.p. (Barbara Coy)</subfield>
  </datafield>
  <datafield tag="670" ind1=" " ind2=" ">
    <subfield code="a">U.S. Copyright Public Catalog, database, 15 Jun. 2009</subfield>
    <subfield code="b">(Coy, Barbara; pseud. of Barbara Bartholomew)</subfield>
  </datafield>
</record>